@misc{spa,
  author = {Mikito Takada},
  title = {{Single page apps in depth}},
  howpublished = {\url{http://singlepageappbook.com/}},
  year = {2016},
  note = {[Online; accessed 04-08-2016]}
}
